@book{b:berkun-art-proj-mgmt,
  author = {Scott Berkun},
  title = {The Art of Project Management},
  publisher = {O'Reilly},
  year = {2005},
  isbn = {0596007868},
}

@book{b:brand-how-buildings-learn,
  author = {Stewart Brand},
  title = {How Buildings Learn: What Happens After They're Built},
  publisher = {Penguin USA},
  year = {1995},
  isbn = {0140139966},
}

@book{b:brooks-mythical-man-month,
  author = {Frederick P. Brooks},
  title = {The Mythical Man-Month: Essays on Software Engineering},
  edition = {20th Anniversary Edition},
  publisher = {Addison-Wesley},
  year = {1995},
  isbn = {0201835959},
}

@book{b:ceci-williams-women-science,
  editor = {Stephen J. Ceci and Wendy M. Williams},
  title = {Why Aren't More Women in Science?},
  publisher = {American Psychological Association},
  year = {2006},
  isbn = {159147485X},
}

@book{b:csikszentmihalyi-flow,
  author = {Mihaly Csikszentmihaly},
  title = {Flow: The Psychology of Optimal Experience},
  publisher = {Harper},
  year = {1991}, 
  isbn = {0060920432},
}

@book{b:demarco-lister-peopleware,
  author = {Tom DeMarco and Timothy Lister},
  title = {Peopleware},
  publisher = {Dorset House},
  year = {1999},
  isbn = {0932633439},
}

@book{b:doar-practical-dev-env,
  author = {Matthew B. Doar},
  title = {Practical Development Environments},
  publisher = {O'Reilly},
  year = {2005},
  isbn = {0596007965},
}

@misc{b:ea-spouse,
  title = {EA Spouce},
  author = {Anonymous},
  url = {http://FIXME},
  year = {FIXME},
}

@book{b:ely-marmot-understanding-offices,
  author = {Joanna Ely and Alexi Marmot},
  title = {Understanding Offices: What Every Manager Needs to Know About Office Buildings},
  publisher = {Penguin UK},
  year = {1999},
  isbn = {0140169121},
}

@article{b:erdogmus-tdd,
  author = {H. Erdogmus and M. Morisio and and M. Torchiano},
  title = {On the Effectiveness of Test-First Approach to Programming},
  journal = {IEEE Trans. on Software Engineering},
  month = {March},
  year = {2005},
}

@inproceedings{b:ernst-chapin-groupthink,
  author = {Michael D. Ernst and John Chapin},
  title = {The Groupthink specification exercise},
  booktitle = {Proc. 27th International Conference on Software Engineering (ICSE'05)},
  year = {2005},
  pages = {617-618},
}

@book{b:feathers-legacy-code,
  author = {Michael C. Feathers},
  title = {Working Effectively with Legacy Code},
  publisher = {Prentice-Hall PTR},
  year = {2005},
  isbn = {0131177052},
}

@book{b:fogel-producing-open-source,
  author = {Karl Fogel},
  title = {Producing Open Source Software},
  publisher = {O'Reilly},
  year = {2005},
  isbn = {0596007590},
}

@inproceedings{b:freeman-mock-roles-not-objects,
  author = {Steve Freeman and Nat Pryce and Tim Mackinnon and Joe Walnes},
  title = {Mock Roles, Not Objects},
  booktitle = {Proc. 19th Annual ACM Conference on Object-Oriented Programming, Systems, Languages, and Applications (OOPSLA'04)},
  year = {2004},
}

@book{b:glass-facts-fallacies,
  author = {Robert L. Glass},
  title = {Facts and Fallacies of Software Engineering},
  publisher = {Addison-Wesley Professional},
  year = {2002},
  isbn = {0321117425},
}

@book{b:hock-forty-studies,
  author = {Roger R. Hock},
  title = {Forty Studies that Changed Psychology},
  publisher = {Prentice Hall},
  year = {2004},
  isbn = {0131147293},
}

@article{b:kaufman-felder-accounting,
  author = {Deborah B. Kaufman and Richard M. Felder},
  title = {Accounting for Individual Effort in Cooperative Learning Teams},
  journal = {Journal of Engineering Education},
  volume = {89},
  number = {2},
  year = {2000},
}

@article{b:kruger-dunning-competence,
  author = {Justin Kruger and David Dunning},
  title = {Unskilled and Unaware of It: How Difficulties in Recognizing Incompetence Lead to Inflated Self-Assessment},
  journal = {Journal of Personality and Social Psychology},
  volume = {77},
  number = {6},
  year = {1999},
}

@article{b:open-source-cold-shoulder,
  author = {Michelle Levesque and Greg Wilson},
  title = {Open Source, Cold Shoulder},
  journal = {Software Development},
  month = {November},
  year = {2004},
}

@book{b:mak-martian-principles,
  author = {Ronald Mak},
  title = {The Martian Principles},
  publisher = {Wiley},
  year = {2006},
  isbn = {0471789658},
}

@book{b:margolis-fisher-unlocking-clubhouse,
  author = {Jane Margolis and Allan Fisher},
  title = {Unlocking the Clubhouse: Women in Computing},
  publisher = {MIT Press},
  year = {2002},
  isbn = { 0262133989},
}

@book{b:mcconnell-code-complete,
  author = {Steve McConnell},
  title = {Code Complete},
  publisher = {Microsoft Press},
  year = {2004},
  isbn = {0735619670},
}

@book{b:meszaros-xunit,
  author = {Gerard Meszaros},
  title = {xUnit Test Patterns: Refactoring Test Code},
  publisher = {Addison-Wesley},
  year = {2007},
  isbn = {0131495054},
}

@article{b:oakley-teams,
  author = {Barbara Oakley and Richard M. Felder and Rebecca Brent and Imad Elhajj},
  title = {Turning Student Groups into Effective Teams},
  journal = {Journal of Student Centered Learning},
  volume = {2},
  number = {1},
  year = {2004},
}

@book{b:orwell-why-i-write,
  author = {George Orwell},
  title = {Why I Write},
  publisher = {Penguin},
  year = {2005},
  isbn = {0143036351},
}

@book{b:petre-projects,
  editor = {Sally Fincher and Marian Petre and Martyn Clarke},
  title = {Computer Science Project Work: Principles and Pragmatics},
  publisher = {Springer},
  year = {2001},
  isbn = {185233357X},
}

@book{b:pollice-small-teams-rup,
  author = {Gary Pollice and Liz Augustine and Chris Lowe and Jas Madhur},
  title = {Software Development for Small Teams: A RUP-Centric Approach},
  publisher = {Addison-Wesley},
  year = {2003},
  isbn = {0321199502},
}

@misc{b:robinson-crunch-mode,
  author = {Evan Robinson},
  title = {Why Crunch Mode Doesn't Work: 6 Lessons},
  publisher = {International Game Developers Association},
  url = {http://www.igda.org/articles/erobinson_crunch.php},
  year = {2005},
}

@book{b:rothman-manage-it,
  author = {Johanna Rothman},
  title = {Manage It!: Your Guide to Modern, Pragmatic Project Management},
  publisher = {Pragmatic Bookshelf},
  year = {2007},
  isbn = {0978739248},
}

@inproceedings{b:seat-mcanear-team,
  author = {Elaine Seat and T. Paul McAnear},
  title = {Administering, Scoring and Debriefing Team Developer},
  booktitle = {Proc. 31st ASEE/IEEE Frontiers in Education Conference},
  year = {2001},
}

@misc{b:sink-shipping-bugs,
  author = {Eric Sink},
  title = {Why we all sell code with bugs},
  publisher = {Guardian Unlimited},
  url = {\FIXME{URL for Sink article (and check date)}},
  year = {2006},
}

@article{b:spinellis-effort,
  author = {Diomidis Spinellis},
  title = {The Tools We Use},
  journal = {IEEE Software},
  year = {2007},
  month = {July/August},
  pages = {20-21},
}

@book{b:spinellis-reading,
  author = {Diomidis Spinellis},
  title = {Code Reading: The Open Source Perspective},
  publisher = {Addison-Wesley},
  year = {2003},
  isbn = {0201799405},
}

@misc{b:spolsky-unicode,
  author = {Joel Spolsky},
  title = {The Absolute Minimum Every Software Developer Absolutely, Positively Must Know About Unicode and Character Sets (No Excuses!)},
  howpublished = {http://www.joelonsoftware.com/articles/Unicode.html},
  year = {2003},
}

@book{b:stellman-greene-project-management,
  author = {Andrew Stellman and Jennifer Greene},
  title = {Applied Software Project Management},
  publisher = {O'Reilly},
  year = {2005},
  isbn = {0596009488},
}

@misc{b:third-bit-blog,
  title = {The Third Bit Blog},
  author = {Greg Wilson},
  url = {http://www.third-bit.com/blog},
  year = {2004-2007},
}

@misc{b:women-science-stats,
  title = {Women, Minorities, and Persons with Disabilities in Science and Engineering},
  author = {National Science Foundation},
  url = {http://www.nsf.gov/statistics/wmpd},
  year = {2007},
}
